@InProceedings{patchMatchStereo1,
author = {Michael Bleyer and Christoph Rhemann and Carsten Rother},
title = {PatchMatch Stereo - Stereo Matching with Slanted Support Windows},
booktitle = {BMVC},
year = {2011}
}

@InProceedings{patchMatchStereo2,
author = {Frederic Besse and Carsten Rother and Jan Kautz},
title = {PMBP: PatchMatch Belief Propagation for Correspondence Field Estimation},
booktitle = {BMVC},
year = {2012}
}

@InProceedings{patchMatchStereo3,
title = {unpublished}
}
